<record><leader>00000cas a22000007a 4500</leader><controlfield tag="001">25407446</controlfield><controlfield tag="008">920306d19921995vtumr ne      0   a0eng d</controlfield><datafield ind1=" " ind2=" " tag="010"><subfield code="a">sn 99067874 </subfield></datafield><datafield ind1=" " ind2=" " tag="040"><subfield code="a">VTU</subfield><subfield code="b">eng</subfield><subfield code="c">VTU</subfield><subfield code="d">NVN</subfield><subfield code="d">OCLCQ</subfield></datafield><datafield ind1=" " ind2=" " tag="037"><subfield code="b">The Times Ink! of Richmond, Huntington &amp; Bolton, P.O. Box 532, Richmond, VT 05477</subfield></datafield><datafield ind1=" " ind2=" " tag="043"><subfield code="a">n-us-vt</subfield></datafield><datafield ind1=" " ind2=" " tag="090"><subfield code="a">PN4899.R535</subfield><subfield code="b">R52</subfield></datafield><datafield ind1="0" ind2="4" tag="245"><subfield code="a">The times ink! of Richmond, Huntington, &amp; Bolton.</subfield></datafield><datafield ind1="3" ind2=" " tag="246"><subfield code="a">Times ink! of Richmond, Huntington, and Bolton</subfield></datafield><datafield ind1="1" ind2="7" tag="246"><subfield code="a">Times ink!</subfield></datafield><datafield ind1=" " ind2=" " tag="260"><subfield code="a">Richmond, Vt. :</subfield><subfield code="b">[s.n.],</subfield><subfield code="c">1992-1995.</subfield></datafield><datafield ind1=" " ind2=" " tag="300"><subfield code="a">v. :</subfield><subfield code="b">ill. ;</subfield><subfield code="c">42 cm.</subfield></datafield><datafield ind1=" " ind2=" " tag="310"><subfield code="a">Monthly</subfield></datafield><datafield ind1="0" ind2=" " tag="362"><subfield code="a">Jan. 1992-Apr. 1995.</subfield></datafield><datafield ind1=" " ind2=" " tag="500"><subfield code="a">Title from caption.</subfield></datafield><datafield ind1=" " ind2="0" tag="651"><subfield code="a">Richmond (Vt.)</subfield><subfield code="v">Newspapers.</subfield></datafield><datafield ind1=" " ind2="0" tag="651"><subfield code="a">Bolton (Vt.)</subfield><subfield code="v">Newspapers.</subfield></datafield><datafield ind1=" " ind2="0" tag="651"><subfield code="a">Vermont</subfield><subfield code="v">Newspapers.</subfield></datafield><datafield ind1=" " ind2="4" tag="651"><subfield code="a">Huntington (Vt.)</subfield><subfield code="v">Newspapers.</subfield></datafield><datafield ind1=" " ind2=" " tag="752"><subfield code="a">United States</subfield><subfield code="b">Vermont</subfield><subfield code="c">Chittenden</subfield><subfield code="d">Richmond.</subfield></datafield><datafield ind1="0" ind2="0" tag="780"><subfield code="t">Times of Richmond &amp; Huntington</subfield><subfield code="w">(DLC)sn 99067873</subfield><subfield code="w">(OCoLC)25388221</subfield></datafield><datafield ind1="0" ind2="0" tag="785"><subfield code="t">Times ink! of Richmond &amp; Huntington</subfield><subfield code="w">(DLC)sn2001006902</subfield><subfield code="w">(OCoLC)47267677</subfield></datafield></record>